<record><leader>00000cas a2200000 a 4500</leader><controlfield tag="001">12126400</controlfield><controlfield tag="008">850606d18811887mtuwr ne      0   a0eng c</controlfield><datafield ind1=" " ind2=" " tag="010"><subfield code="a">sn 85053149 </subfield></datafield><datafield ind1=" " ind2=" " tag="040"><subfield code="a">MTL</subfield><subfield code="b">eng</subfield><subfield code="c">MTL</subfield><subfield code="d">NPV</subfield><subfield code="d">MTL</subfield><subfield code="d">CUI</subfield><subfield code="d">OCLCQ</subfield><subfield code="d">OCLCF</subfield><subfield code="d">DLC</subfield></datafield><datafield ind1="0" ind2=" " tag="022"><subfield code="a">2574-8858</subfield><subfield code="2">1</subfield></datafield><datafield ind1=" " ind2=" " tag="042"><subfield code="a">nsdp</subfield><subfield code="a">pcc</subfield></datafield><datafield ind1=" " ind2=" " tag="043"><subfield code="a">n-us-mt</subfield></datafield><datafield ind1="1" ind2="0" tag="050"><subfield code="a">ISSN RECORD</subfield></datafield><datafield ind1=" " ind2="4" tag="050"><subfield code="a">AN</subfield></datafield><datafield ind1=" " ind2="4" tag="222"><subfield code="a">The Glendive times</subfield></datafield><datafield ind1="0" ind2="4" tag="245"><subfield code="a">The Glendive times.</subfield></datafield><datafield ind1=" " ind2=" " tag="260"><subfield code="a">Glendive, Mont. Territory [Mont.] :</subfield><subfield code="b">W.W. Mabee</subfield></datafield><datafield ind1=" " ind2=" " tag="300"><subfield code="a">v. :</subfield><subfield code="b">ill. (chiefly ads.) ;</subfield><subfield code="c">55-65 cm.</subfield></datafield><datafield ind1=" " ind2=" " tag="310"><subfield code="a">Weekly</subfield></datafield><datafield ind1="1" ind2=" " tag="362"><subfield code="a">Began with Aug. 11, 1881; ceased with May 7, 1887.</subfield><subfield code="z">Cf. Gregory, W. Amer. newspapers; Glendive independent, May 7-14, 1887.</subfield></datafield><datafield ind1=" " ind2=" " tag="588"><subfield code="a">Description based on: Vol. 1, no. 24 (Jan. 19, 1882).</subfield></datafield><datafield ind1=" " ind2="0" tag="651"><subfield code="a">Glendive (Mont.)</subfield><subfield code="v">Newspapers.</subfield></datafield><datafield ind1=" " ind2="0" tag="651"><subfield code="a">Dawson County (Mont.)</subfield><subfield code="v">Newspapers.</subfield></datafield><datafield ind1=" " ind2="7" tag="651"><subfield code="a">Montana</subfield><subfield code="z">Dawson County.</subfield><subfield code="2">fast</subfield><subfield code="0">(OCoLC)fst01221002</subfield></datafield><datafield ind1=" " ind2="7" tag="651"><subfield code="a">Montana</subfield><subfield code="z">Glendive.</subfield><subfield code="2">fast</subfield><subfield code="0">(OCoLC)fst01212028</subfield></datafield><datafield ind1=" " ind2="7" tag="655"><subfield code="a">Newspapers.</subfield><subfield code="2">fast</subfield><subfield code="0">(OCoLC)fst01423814</subfield></datafield><datafield ind1=" " ind2=" " tag="752"><subfield code="a">United States</subfield><subfield code="b">Montana</subfield><subfield code="c">Dawson</subfield><subfield code="d">Glendive.</subfield></datafield><datafield ind1="0" ind2="8" tag="776"><subfield code="i">Online version:</subfield><subfield code="t">Glendive Times</subfield><subfield code="w">(OCoLC)192107302</subfield></datafield><datafield ind1="1" ind2=" " tag="029"><subfield code="a">AU@</subfield><subfield code="b">000025792435</subfield></datafield></record>